@article{Xu-EtAl-2014:TACL,
	author =  {Wei Xu and Alan Ritter and Chris Callison-Burch and William B. Dolan and Yangfeng Ji},
	title =   {Extracting Lexically Divergent Paraphrases from {Twitter}},
	journal = {Transactions of the Association for Computational Linguistics (TACL)},
	volume =  {2},
	number =  {1},
	year =    {2014},
	url = {http://www.cis.upenn.edu/~xwe/files/tacl2014-extracting-paraphrases-from-twitter.pdf}
}

@InProceedings{henderson-popa:2016:P16-1,
	author    = {Henderson, James  and  Popa, Diana},
	title     = {A Vector Space for Distributional Semantics for Entailment},
	booktitle = {Proceedings of the 54th Annual Meeting of the Association for Computational Linguistics (Volume 1: Long Papers)},
	month     = {August},
	year      = {2016},
	address   = {Berlin, Germany},
	publisher = {Association for Computational Linguistics},
	pages     = {2052--2062},
	url       = {http://www.aclweb.org/anthology/P16-1193}
}

@inproceedings{Severyn:2015:LRS:2766462.2767738,
	author = {Severyn, Aliaksei and Moschitti, Alessandro},
	title = {Learning to Rank Short Text Pairs with Convolutional Deep Neural Networks},
	booktitle = {Proceedings of the 38th International ACM SIGIR Conference on Research and Development in Information Retrieval},
	series = {SIGIR '15},
	year = {2015},
	isbn = {978-1-4503-3621-5},
	location = {Santiago, Chile},
	pages = {373--382},
	numpages = {10},
	url = {http://doi.acm.org/10.1145/2766462.2767738},
	doi = {10.1145/2766462.2767738},
	acmid = {2767738},
	publisher = {ACM},
	address = {New York, NY, USA},
	keywords = {convolutional neural networks, learning to rank, microblog search, question answering},
} 

@InProceedings{han-baldwin:2011:ACL-HLT2011,
	author    = {Han, Bo  and  Baldwin, Timothy},
	title     = {Lexical Normalisation of Short Text Messages: Makn Sens a \#twitter},
	booktitle = {Proceedings of the 49th Annual Meeting of the Association for Computational Linguistics: Human Language Technologies},
	month     = {June},
	year      = {2011},
	address   = {Portland, Oregon, USA},
	publisher = {Association for Computational Linguistics},
	pages     = {368--378},
	url       = {http://www.aclweb.org/anthology/P11-1038}
}

@inproceedings{Li:2015:JPT:2832415.2832425,
	author = {Li, Chen and Liu, Yang},
	title = {Joint POS Tagging and Text Normalization for Informal Text},
	booktitle = {Proceedings of the 24th International Conference on Artificial Intelligence},
	series = {IJCAI'15},
	year = {2015},
	isbn = {978-1-57735-738-4},
	location = {Buenos Aires, Argentina},
	pages = {1263--1269},
	numpages = {7},
	url = {http://dl.acm.org/citation.cfm?id=2832415.2832425},
	acmid = {2832425},
	publisher = {AAAI Press},
} 

@inproceedings{Kim-AAAI1612489,
	author = {Yoon Kim and Yacine Jernite and David Sontag and Alexander Rush},
	title = {Character-Aware Neural Language Models},
	conference = {AAAI Conference on Artificial Intelligence},
	pages = {2741--2749},
	year = {2016}
}

@InProceedings{xu-callisonburch-dolan:2015:SemEval,
	author    = {Xu, Wei  and  Callison-Burch, Chris  and  Dolan, Bill},
	title     = {SemEval-2015 Task 1: Paraphrase and Semantic Similarity in Twitter (PIT)},
	booktitle = {Proceedings of the 9th International Workshop on Semantic Evaluation (SemEval 2015)},
	month     = {June},
	year      = {2015},
	address   = {Denver, Colorado},
	publisher = {Association for Computational Linguistics},
	pages     = {1--11},
	url       = {http://www.aclweb.org/anthology/S15-2001}
}

@InProceedings{zarrella-EtAl:2015:SemEval,
	author    = {Zarrella, Guido  and  Henderson, John  and  Merkhofer, Elizabeth M.  and  Strickhart, Laura},
	title     = {MITRE: Seven Systems for Semantic Similarity in Tweets},
	booktitle = {Proceedings of the 9th International Workshop on Semantic Evaluation (SemEval 2015)},
	month     = {June},
	year      = {2015},
	address   = {Denver, Colorado},
	publisher = {Association for Computational Linguistics},
	pages     = {12--17},
	url       = {http://www.aclweb.org/anthology/S15-2002}
}

@InProceedings{vandergoot-vannoord:2015:SemEval,
	author    = {van der Goot, Rob  and  van Noord, Gertjan},
	title     = {ROB: Using Semantic Meaning to Recognize Paraphrases},
	booktitle = {Proceedings of the 9th International Workshop on Semantic Evaluation (SemEval 2015)},
	month     = {June},
	year      = {2015},
	address   = {Denver, Colorado},
	publisher = {Association for Computational Linguistics},
	pages     = {40--44},
	url       = {http://www.aclweb.org/anthology/S15-2007}
}

@article{mikolov2010recurrent,
	title={Recurrent neural network based language model},
	author={Mikolov, Tomas and Karafiat, Martin and Burget, Lukas and Cernock√Ω, Jan and Khudanpur, Sanjeev},
	year={2010}}

@InProceedings{wang-EtAl:2015:ACL-IJCNLP3,
	author    = {Wang, Mingxuan  and  Lu, Zhengdong  and  Li, Hang  and  Jiang, Wenbin  and  Liu, Qun},
	title     = {A Convolutional Architecture for Word Sequence Prediction},
	booktitle = {Proceedings of the 53rd Annual Meeting of the Association for Computational Linguistics and the 7th International Joint Conference on Natural Language Processing (Volume 1: Long Papers)},
	month     = {July},
	year      = {2015},
	address   = {Beijing, China},
	publisher = {Association for Computational Linguistics},
	pages     = {1567--1576},
	url       = {http://www.aclweb.org/anthology/P15-1151}
}

@InProceedings{gulcehre-EtAl:2016:P16-1,
	author    = {Gulcehre, Caglar  and  Ahn, Sungjin  and  Nallapati, Ramesh  and  Zhou, Bowen  and  Bengio, Yoshua},
	title     = {Pointing the Unknown Words},
	booktitle = {Proceedings of the 54th Annual Meeting of the Association for Computational Linguistics (Volume 1: Long Papers)},
	month     = {August},
	year      = {2016},
	address   = {Berlin, Germany},
	publisher = {Association for Computational Linguistics},
	pages     = {140--149},
	url       = {http://www.aclweb.org/anthology/P16-1014}
}

@InProceedings{tran-bisazza-monz:2016:N16-1,
	author    = {Tran, Ke  and  Bisazza, Arianna  and  Monz, Christof},
	title     = {Recurrent Memory Networks for Language Modeling},
	booktitle = {Proceedings of the 2016 Conference of the North American Chapter of the Association for Computational Linguistics: Human Language Technologies},
	month     = {June},
	year      = {2016},
	address   = {San Diego, California},
	publisher = {Association for Computational Linguistics},
	pages     = {321--331},
	url       = {http://www.aclweb.org/anthology/N16-1036}
}

@InProceedings{jan-phil:2014:icml,
	author    = {Jan, A. Botha and Phil Blunsom},
	title     = {Compositional Morphology forWord Representations and Language Modelling},
	booktitle = {Proceedings of the 31st International Conference on Machine Learning},
	year      = {2014},
	address   = {Beijing, China},
	publisher = {JMLR},
	volume = {32}
}

@InProceedings{jonas-aditya:2016:AAAI,
	author = {Jonas Mueller and Aditya Thyagarajan},
	title = {Siamese Recurrent Architectures for Learning Sentence Similarity},
	booktitle = {AAAI Conference on Artificial Intelligence},
	pages = {2786--2792},
	year = {2016}
}

@InProceedings{yin-schutze:2015:NAACL,
	author    = {Yin, Wenpeng  and  Sch\"{u}tze, Hinrich},
	title     = {Convolutional Neural Network for Paraphrase Identification},
	booktitle = {Proceedings of the 2015 Conference of the North American Chapter of the Association for Computational Linguistics: Human Language Technologies},
	month     = {May--June},
	year      = {2015},
	address   = {Denver, Colorado},
	publisher = {Association for Computational Linguistics},
	pages     = {901--911},
	url       = {http://www.aclweb.org/anthology/N15-1091}
}

@InProceedings{ling-EtAl:2013:EMNLP,
	author    = {Ling, Wang  and  Dyer, Chris  and  Black, Alan W  and  Trancoso, Isabel},
	title     = {Paraphrasing 4 Microblog Normalization},
	booktitle = {Proceedings of the 2013 Conference on Empirical Methods in Natural Language Processing},
	month     = {October},
	year      = {2013},
	address   = {Seattle, Washington, USA},
	publisher = {Association for Computational Linguistics},
	pages     = {73--84},
	url       = {http://www.aclweb.org/anthology/D13-1008}
}

@InProceedings{chen-praveen:2016:ijcai,
	author    = {Chen Liang and Praveen Paritosh},
	title     = {Learning Paraphrase Identification with Structural Alignmen},
	booktitle = {Proceedings of the Twenty-Fifth International Joint Conference on Artificial Intelligence},
	year      = {2016},
	pages     = {2859--2865}
}

@article{DBLP:journals/corr/WietingBGL15a,
	author    = {John Wieting and
	Mohit Bansal and
	Kevin Gimpel and
	Karen Livescu},
	title     = {Towards Universal Paraphrastic Sentence Embeddings},
	journal   = {CoRR},
	volume    = {abs/1511.08198},
	year      = {2015},
	url       = {http://arxiv.org/abs/1511.08198},
	timestamp = {Tue, 01 Dec 2015 19:22:34 +0100},
	biburl    = {http://dblp.uni-trier.de/rec/bib/journals/corr/WietingBGL15a},
	bibsource = {dblp computer science bibliography, http://dblp.org}
}

@InProceedings{pavlick-EtAl:2015:ACL-IJCNLP,
	author    = {Pavlick, Ellie  and  Bos, Johan  and  Nissim, Malvina  and  Beller, Charley  and  Van Durme, Benjamin  and  Callison-Burch, Chris},
	title     = {Adding Semantics to Data-Driven Paraphrasing},
	booktitle = {Proceedings of the 53rd Annual Meeting of the Association for Computational Linguistics and the 7th International Joint Conference on Natural Language Processing (Volume 1: Long Papers)},
	month     = {July},
	year      = {2015},
	address   = {Beijing, China},
	publisher = {Association for Computational Linguistics},
	pages     = {1512--1522},
	url       = {http://www.aclweb.org/anthology/P15-1146}
}

@InProceedings{ganitkevitch-vandurme-callisonburch:2013:NAACL-HLT,
	author    = {Ganitkevitch, Juri  and  Van Durme, Benjamin  and  Callison-Burch, Chris},
	title     = {PPDB: The Paraphrase Database},
	booktitle = {Proceedings of the 2013 Conference of the North American Chapter of the Association for Computational Linguistics: Human Language Technologies},
	month     = {June},
	year      = {2013},
	address   = {Atlanta, Georgia},
	publisher = {Association for Computational Linguistics},
	pages     = {758--764},
	url       = {http://www.aclweb.org/anthology/N13-1092}
}

@InProceedings{pavlick-EtAl:2015:ACL-IJCNLP3,
	author    = {Pavlick, Ellie  and  Rastogi, Pushpendre  and  Ganitkevitch, Juri  and  Van Durme, Benjamin  and  Callison-Burch, Chris},
	title     = {PPDB 2.0: Better paraphrase ranking, fine-grained entailment relations, word embeddings, and style classification},
	booktitle = {Proceedings of the 53rd Annual Meeting of the Association for Computational Linguistics and the 7th International Joint Conference on Natural Language Processing (Volume 2: Short Papers)},
	month     = {July},
	year      = {2015},
	address   = {Beijing, China},
	publisher = {Association for Computational Linguistics},
	pages     = {425--430},
	url       = {http://www.aclweb.org/anthology/P15-2070}
}

@inproceedings{icml2015_jozefowicz15, 
	Publisher = {JMLR Workshop and Conference Proceedings}, 
	title="An Empirical Exploration of Recurrent Network Architectures", 
	Author={Jozefowicz, Rafal and Zaremba, Wojciech and Sutskever, Ilya}, 
	year="2015", 
	Booktitle="Proceedings of the 32nd International Conference on Machine Learning (ICML-15)", 
	Editor={David Blei and Francis Bach}, 
	pages="2342-2350", 
	url="http://jmlr.org/proceedings/papers/v37/jozefowicz15.pdf" 
}  

@article{Hochreiter:1998:VGP:353515.355233,
	author = {Hochreiter, Sepp},
	title = {The Vanishing Gradient Problem During Learning Recurrent Neural Nets and Problem Solutions},
	journal = {Int. J. Uncertain. Fuzziness Knowl.-Based Syst.},
	issue_date = {April 1998},
	volume = {6},
	number = {2},
	month = apr,
	year = {1998},
	issn = {0218-4885},
	pages = {107--116},
	numpages = {10},
	url = {http://dx.doi.org/10.1142/S0218488598000094},
	doi = {10.1142/S0218488598000094},
	acmid = {355233},
	publisher = {World Scientific Publishing Co., Inc.},
	address = {River Edge, NJ, USA},
	keywords = {long short-term memory, long-term dependencies, recurrent neural nets, vanishing gradient},
}

@article{Hochreiter:1997:LSM:1246443.1246450,
	author = {Hochreiter, Sepp and Schmidhuber, J\"{u}rgen},
	title = {Long Short-Term Memory},
	journal = {Neural Comput.},
	issue_date = {November 15, 1997},
	volume = {9},
	number = {8},
	month = nov,
	year = {1997},
	issn = {0899-7667},
	pages = {1735--1780},
	numpages = {46},
	url = {http://dx.doi.org/10.1162/neco.1997.9.8.1735},
	doi = {10.1162/neco.1997.9.8.1735},
	acmid = {1246450},
	publisher = {MIT Press},
	address = {Cambridge, MA, USA},
} 

@article{DBLP:journals/corr/ZarembaS14,
	author    = {Wojciech Zaremba and
	Ilya Sutskever},
	title     = {Learning to Execute},
	journal   = {CoRR},
	volume    = {abs/1410.4615},
	year      = {2014},
	url       = {http://arxiv.org/abs/1410.4615},
	timestamp = {Sun, 02 Nov 2014 11:25:59 +0100},
	biburl    = {http://dblp.uni-trier.de/rec/bib/journals/corr/ZarembaS14},
	bibsource = {dblp computer science bibliography, http://dblp.org}
}

@article{DBLP:journals/corr/BahdanauCB14,
	author    = {Dzmitry Bahdanau and
	Kyunghyun Cho and
	Yoshua Bengio},
	title     = {Neural Machine Translation by Jointly Learning to Align and Translate},
	journal   = {CoRR},
	volume    = {abs/1409.0473},
	year      = {2014},
	url       = {http://arxiv.org/abs/1409.0473},
	timestamp = {Wed, 01 Oct 2014 15:00:04 +0200},
	biburl    = {http://dblp.uni-trier.de/rec/bib/journals/corr/BahdanauCB14},
	bibsource = {dblp computer science bibliography, http://dblp.org}
}

@InProceedings{pennell-liu:2011:IJCNLP-2011,
	author    = {Pennell, Deana  and  Liu, Yang},
	title     = {A Character-Level Machine Translation Approach for Normalization of SMS Abbreviations},
	booktitle = {Proceedings of 5th International Joint Conference on Natural Language Processing},
	month     = {November},
	year      = {2011},
	address   = {Chiang Mai, Thailand},
	publisher = {Asian Federation of Natural Language Processing},
	pages     = {974--982},
	url       = {http://www.aclweb.org/anthology/I11-1109}
}

@InProceedings{li-liu:2015:ACL-IJCNLP,
	author    = {Li, Chen  and  Liu, Yang},
	title     = {Improving Named Entity Recognition in Tweets via Detecting Non-Standard Words},
	booktitle = {Proceedings of the 53rd Annual Meeting of the Association for Computational Linguistics and the 7th International Joint Conference on Natural Language Processing (Volume 1: Long Papers)},
	month     = {July},
	year      = {2015},
	address   = {Beijing, China},
	publisher = {Association for Computational Linguistics},
	pages     = {929--938},
	url       = {http://www.aclweb.org/anthology/P15-1090}
}

@InProceedings{li-liu:2014:P14-3,
	author    = {Li, Chen  and  Liu, Yang},
	title     = {Improving Text Normalization via Unsupervised Model and Discriminative Reranking},
	booktitle = {Proceedings of the ACL 2014 Student Research Workshop},
	month     = {June},
	year      = {2014},
	address   = {Baltimore, Maryland, USA},
	publisher = {Association for Computational Linguistics},
	pages     = {86--93},
	url       = {http://www.aclweb.org/anthology/P14-3012}
}

@InProceedings{luong-pham-manning:2015:EMNLP,
	author    = {Luong, Thang  and  Pham, Hieu  and  Manning, Christopher D.},
	title     = {Effective Approaches to Attention-based Neural Machine Translation},
	booktitle = {Proceedings of the 2015 Conference on Empirical Methods in Natural Language Processing},
	month     = {September},
	year      = {2015},
	address   = {Lisbon, Portugal},
	publisher = {Association for Computational Linguistics},
	pages     = {1412--1421},
	url       = {http://aclweb.org/anthology/D15-1166}
}

@inproceedings{Sutskever:2014:SSL:2969033.2969173,
	author = {Sutskever, Ilya and Vinyals, Oriol and Le, Quoc V.},
	title = {Sequence to Sequence Learning with Neural Networks},
	booktitle = {Proceedings of the 27th International Conference on Neural Information Processing Systems},
	series = {NIPS'14},
	year = {2014},
	location = {Montreal, Canada},
	pages = {3104--3112},
	numpages = {9},
	url = {http://dl.acm.org/citation.cfm?id=2969033.2969173},
	acmid = {2969173},
	publisher = {MIT Press},
	address = {Cambridge, MA, USA},
} 

